[gd_scene load_steps=15 format=2]

[ext_resource path="res://Source/Global/Game.cs" type="Script" id=1]
[ext_resource path="res://Source/Global/CommandProcessor.cs" type="Script" id=2]
[ext_resource path="res://Source/Global/ConfigControl.cs" type="Script" id=3]
[ext_resource path="res://Source/Global/GameControl.cs" type="Script" id=4]
[ext_resource path="res://Source/Global/InputControl.cs" type="Script" id=5]
[ext_resource path="res://Source/Global/LevelControl.cs" type="Script" id=6]
[ext_resource path="res://Source/ActionListener.cs" type="Script" id=7]
[ext_resource path="res://Source/Global/NetworkControl.cs" type="Script" id=8]
[ext_resource path="res://Source/Global/PlayerControl.cs" type="Script" id=9]
[ext_resource path="res://Scenes/Instantiated/Player/Player.tscn" type="PackedScene" id=10]
[ext_resource path="res://Source/Global/ResourceLoader.cs" type="Script" id=11]
[ext_resource path="res://Source/Global/TaskControl.cs" type="Script" id=12]
[ext_resource path="res://Source/Global/UIControl.cs" type="Script" id=13]
[ext_resource path="res://Scenes/UI/UI.tscn" type="PackedScene" id=14]

[node name="Game" type="Node"]

script = ExtResource( 1 )

[node name="CommandProcessor" type="Node" parent="." index="0"]

script = ExtResource( 2 )

[node name="ConfigControl" type="Node" parent="." index="1"]

script = ExtResource( 3 )

[node name="GameControl" type="Node" parent="." index="2"]

script = ExtResource( 4 )

[node name="InputControl" type="Node" parent="." index="3"]

script = ExtResource( 5 )

[node name="LevelControl" type="Node" parent="." index="4"]

script = ExtResource( 6 )

[node name="ActionListener" type="Node" parent="." index="5"]

script = ExtResource( 7 )

[node name="NetworkControl" type="Node" parent="." index="6"]

script = ExtResource( 8 )
TestFlag = ""

[node name="PlayerControl" type="Node" parent="." index="7"]

script = ExtResource( 9 )
ScenePlayer = ExtResource( 10 )

[node name="List" type="Node" parent="PlayerControl" index="0"]

[node name="ResourceLoader" type="Node" parent="." index="8"]

script = ExtResource( 11 )

[node name="TaskControl" type="Node" parent="." index="9"]

script = ExtResource( 12 )

[node name="UIControl" type="Node" parent="." index="10"]

script = ExtResource( 13 )

[node name="UI" parent="UIControl" index="0" instance=ExtResource( 14 )]


