[gd_scene load_steps=4 format=2]

[ext_resource path="res://Scenes/Tiles/Blocks.png" type="Texture" id=1]

[sub_resource type="RectangleShape2D" id=1]

custom_solver_bias = 0.0
extents = Vector2( 8, 8 )

[sub_resource type="RectangleShape2D" id=2]

custom_solver_bias = 0.0
extents = Vector2( 8, 8 )

[node name="Wall" type="Node"]

_sections_unfolded = [ "Material", "Transform", "Visibility" ]

[node name="Top" type="Sprite" parent="." index="0"]

texture = ExtResource( 1 )
region_enabled = true
region_rect = Rect2( 0, 0, 16, 16 )
_sections_unfolded = [ "Region" ]

[node name="StaticBody2D" type="KinematicBody2D" parent="Top" index="0"]

input_pickable = false
collision_layer = 1
collision_mask = 1
collision/safe_margin = 0.08
_sections_unfolded = [ "Transform" ]

[node name="CollisionShape2D" type="CollisionShape2D" parent="Top/StaticBody2D" index="0"]

position = Vector2( -1.90735e-06, -1.90735e-06 )
shape = SubResource( 1 )
_sections_unfolded = [ "Material", "Transform" ]

[node name="Bottom" type="Sprite" parent="." index="1"]

position = Vector2( 16, 0 )
texture = ExtResource( 1 )
region_enabled = true
region_rect = Rect2( 16, 0, 16, 16 )
_sections_unfolded = [ "Region" ]

[node name="StaticBody2D" type="KinematicBody2D" parent="Bottom" index="0"]

position = Vector2( -9.53674e-07, -9.53674e-07 )
input_pickable = false
collision_layer = 1
collision_mask = 1
collision/safe_margin = 0.08
_sections_unfolded = [ "Transform" ]

[node name="CollisionShape2D" type="CollisionShape2D" parent="Bottom/StaticBody2D" index="0"]

position = Vector2( 3.8147e-06, 3.8147e-06 )
shape = SubResource( 2 )
_sections_unfolded = [ "Transform" ]

[node name="SpecialTop" type="Sprite" parent="." index="2"]

position = Vector2( 32, 0 )
texture = ExtResource( 1 )
region_enabled = true
region_rect = Rect2( 32, 0, 16, 16 )
_sections_unfolded = [ "Region", "Transform" ]

[node name="StaticBody2D" type="KinematicBody2D" parent="SpecialTop" index="0"]

position = Vector2( -9.53674e-07, -9.53674e-07 )
input_pickable = false
collision_layer = 1
collision_mask = 1
collision/safe_margin = 0.08
_sections_unfolded = [ "Transform" ]

[node name="CollisionShape2D" type="CollisionShape2D" parent="SpecialTop/StaticBody2D" index="0"]

position = Vector2( 3.8147e-06, 3.8147e-06 )
shape = SubResource( 2 )
_sections_unfolded = [ "Transform" ]

[node name="Special" type="Sprite" parent="." index="3"]

position = Vector2( 48, 0 )
texture = ExtResource( 1 )
region_enabled = true
region_rect = Rect2( 48, 0, 16, 16 )
_sections_unfolded = [ "Region", "Transform" ]

[node name="StaticBody2D" type="KinematicBody2D" parent="Special" index="0"]

position = Vector2( -9.53674e-07, -9.53674e-07 )
input_pickable = false
collision_layer = 1
collision_mask = 1
collision/safe_margin = 0.08
_sections_unfolded = [ "Transform" ]

[node name="CollisionShape2D" type="CollisionShape2D" parent="Special/StaticBody2D" index="0"]

position = Vector2( 3.8147e-06, 3.8147e-06 )
shape = SubResource( 2 )
_sections_unfolded = [ "Transform" ]


